@inproceedings{Fernandes2015API,
  title={A Proactive Intelligent Decision Support System for Predicting the Popularity of Online News},
  author={Kelwin Fernandes and Pedro Vinagre and Paulo Cortez},
  booktitle={EPIA},
  year={2015}
}
@inproceedings{inproceedings,
	author = {Uddin, Md Taufeeq and Patwary, Muhammed and Ahsan, Tanveer and Alam, Mohammed Shamsul},
	year = {2016},
	month = {10},
	pages = {1-5},
	title = {Predicting the popularity of online news from content metadata},
	doi = {10.1109/ICISET.2016.7856498}
}
@article{Pedregosa2011ScikitlearnML,
	title={Scikit-learn: Machine Learning in Python},
	author={Fabian Pedregosa and Ga{\"e}l Varoquaux and Alexandre Gramfort and Vincent Michel and Bertrand Thirion and Olivier Grisel and Mathieu Blondel and Peter Prettenhofer and Ron Weiss and Vincent Dubourg and Jacob VanderPlas and Alexandre Passos and David Cournapeau and Matthieu Brucher and Matthieu Perrot and Edouard Duchesnay},
	journal={Journal of Machine Learning Research},
	year={2011},
	volume={12},
	pages={2825-2830}
}
@article{article,
	author = {A. Jensen, Craig and D. Reed, Russell and J Marks, Robert and El-Sharkawi, Mohamed and Jung, Jae-byung and T. Miyamoto, Robert and M. Anderson, Gregory and Eggen, J},
	year = {2001},
	month = {02},
	pages = {},
	title = {Inversion of Feedforward Neural Networks: Algorithms And Applications}
}
@article{KINDERMANN1990277,
	title = "Inversion of neural networks by gradient descent",
	journal = "Parallel Computing",
	volume = "14",
	number = "3",
	pages = "277 - 286",
	year = "1990",
	issn = "0167-8191",
	doi = "https://doi.org/10.1016/0167-8191(90)90081-J",
	url = "http://www.sciencedirect.com/science/article/pii/016781919090081J",
	author = "J Kindermann and A Linden",
	keywords = "Inversion, multilayer perceptrons, backpropagation, generalization, robustness",
	abstract = "Inversion answers the question of which input patterns to a trained multilayer neural network approximate a given output target. This method is a tool for visualization of the information processing capability of a network stored in its weights. This knowledge about the network enables one to make informed decisions on the improvement of the training task and the choice of training sets. An inversion algorithm for multilayer perceptrons is derived from the backpropagation scheme. We apply inversion to networks for digit recognition. We observe that the multilayer perceptrons perform well with respect to generalization, i.e. correct classification of untrained digits. They are however bad on rejection of counterexamples, i.e. random patterns. Inversion gives an explanation for this drawback. We suggest an improved training scheme, and we show that a tradeoff exists between generalization and rejection of counterexamples."
}
@book{fine2006feedforward,
	title={Feedforward Neural Network Methodology},
	author={Fine, T.L.},
	isbn={9780387226491},
	lccn={98053188},
	series={Information Science and Statistics},
	url={https://books.google.hu/books?id=s-PlBwAAQBAJ},
	year={2006},
	publisher={Springer New York}
}
@book{tho2010perceptron,
	title={Perceptron Problem in Neural Network},
	author={Tho, D.X.},
	isbn={9783640648955},
	url={https://books.google.hu/books?id=ITK8MIItC2gC},
	year={2010},
	publisher={GRIN Verlag}
}
@book{mehrotra1997elements,
	title={Elements of Artificial Neural Networks},
	author={Mehrotra, K. and Ranka, K.M.C.K.M.S. and Mohan, C.K. and Ranka, S.},
	isbn={9780262133289},
	lccn={96020178},
	series={A Bradford book},
	url={https://books.google.hu/books?id=6d68Y4Wq\_R4C},
	year={1997},
	publisher={MIT Press}
}
@Inbook{Bottou2012,
	author="Bottou, L{\'e}on",
	editor="Montavon, Gr{\'e}goire
	and Orr, Genevi{\`e}ve B.
	and M{\"u}ller, Klaus-Robert",
	title="Stochastic Gradient Descent Tricks",
	bookTitle="Neural Networks: Tricks of the Trade: Second Edition",
	year="2012",
	publisher="Springer Berlin Heidelberg",
	address="Berlin, Heidelberg",
	pages="421--436",
	abstract="Chapter 1 strongly advocates the stochastic back-propagation method to train neural networks. This is in fact an instance of a more general technique called stochastic gradient descent (SGD). This chapter provides background material, explains why SGD is a good learning algorithm when the training set is large, and provides useful recommendations.",
	isbn="978-3-642-35289-8",
	doi="10.1007/978-3-642-35289-8_25",
	url="https://doi.org/10.1007/978-3-642-35289-8_25"
}

@book{mitchell1997machine,
	title={Machine Learning},
	author={Mitchell, T.M.},
	isbn={9780071154673},
	lccn={97007692},
	series={McGraw-Hill International Editions},
	url={https://books.google.hu/books?id=EoYBngEACAAJ},
	year={1997},
	publisher={McGraw-Hill}
}
@book{nielsen2015neural,
	title={Neural Networks and Deep Learning},
	author={Nielsen, M.A.},
	url={https://books.google.hu/books?id=STDBswEACAAJ},
	year={2015},
	publisher={Determination Press}
}
@book{van2011introduction,
	title={An Introduction to Python},
	author={Van Rossum, G. and Drake, F.L.},
	isbn={9781906966133},
	url={https://books.google.hu/books?id=8-qkuAAACAAJ},
	year={2011},
	publisher={Network Theory Limited}
}
@book{vanderplas2016python,
	title={Python Data Science Handbook: Essential Tools for Working with Data},
	author={VanderPlas, J.},
	isbn={9781491912133},
	lccn={2017385426},
	url={https://books.google.hu/books?id=6omNDQAAQBAJ},
	year={2016},
	publisher={O'Reilly Media}
}
@book{surhone2011univariate,
	title={Univariate Analysis},
	author={Surhone, L.M. and Tennoe, M.T. and Henssonow, S.F.},
	isbn={9786136462165},
	url={https://books.google.hu/books?id=AKxfXwAACAAJ},
	year={2011},
	publisher={Betascript Publishing}
}
@book{hosmer2013applied,
	title={Applied Logistic Regression},
	author={Hosmer, D.W. and Lemeshow, S. and Sturdivant, R.X.},
	isbn={9781118548356},
	lccn={2013010300},
	series={Wiley Series in Probability and Statistics},
	url={https://books.google.hu/books?id=bRoxQBIZRd4C},
	year={2013},
	publisher={Wiley}
}
@book{flanigan1998calculus,
	title={Calculus Two: Linear and Nonlinear Functions},
	author={Flanigan, F.J. and Frank, D.L. and Kazdan, J.L. and Fristedt, B.E. and Gray, L.F.},
	isbn={9780387973883},
	lccn={90045205},
	series={Undergraduate Texts in Mathematics},
	url={https://books.google.hu/books?id=i-p4ovfT4JsC},
	year={1998},
	publisher={Springer New York}
}
@book{graybill1994regression,
	title={Regression Analysis: Concepts and Applications},
	author={Graybill, F.A. and Iyer, H.K.},
	isbn={9780534198695},
	lccn={lc93044089},
	series={An Alexander Kugushev book},
	url={https://books.google.hu/books?id=nAbvAAAAMAAJ},
	year={1994},
	publisher={Duxbury Press}
}
@book{wolberg2006data,
	title={Data Analysis Using the Method of Least Squares: Extracting the Most Information from Experiments},
	author={Wolberg, J.},
	isbn={9783540317203},
	lccn={2005934230},
	url={https://books.google.hu/books?id=BYYe-AYas9AC},
	year={2006},
	publisher={Springer Berlin Heidelberg}
}
@book{fine2006feedforward,
	title={Feedforward Neural Network Methodology},
	author={Fine, T.L.},
	isbn={9780387226491},
	lccn={98053188},
	series={Information Science and Statistics},
	url={https://books.google.hu/books?id=s-PlBwAAQBAJ},
	year={2006},
	publisher={Springer New York}
}
@book{tho2010perceptron,
	title={Perceptron Problem in Neural Network},
	author={Tho, D.X.},
	isbn={9783640648955},
	url={https://books.google.hu/books?id=ITK8MIItC2gC},
	year={2010},
	publisher={GRIN Verlag}
}
@book{mehrotra1997elements,
	title={Elements of Artificial Neural Networks},
	author={Mehrotra, K. and Ranka, K.M.C.K.M.S. and Mohan, C.K. and Ranka, S.},
	isbn={9780262133289},
	lccn={96020178},
	series={A Bradford book},
	url={https://books.google.hu/books?id=6d68Y4Wq\_R4C},
	year={1997},
	publisher={MIT Press}
}
@book{veerarajan2007numerical,
	title={Numerical Methods},
	author={Veerarajan, T.},
	isbn={9781259082627},
	series={Sigma series},
	url={https://books.google.hu/books?id=X3FtiBGBE0oC},
	year={2007},
	publisher={McGraw-Hill Education (India) Pvt Limited}
}
@book{pillo2013nonlinear,
	title={Nonlinear Optimization and Applications},
	author={Pillo, G. and Giannessi, F.},
	isbn={9781489902894},
	series={SpringerLink : B{\"u}cher},
	url={https://books.google.hu/books?id=DDnoBwAAQBAJ},
	year={2013},
	publisher={Springer US}
}
@book{anderson1995introduction,
	title={An Introduction to Neural Networks},
	author={Anderson, J.A.},
	isbn={9780262510813},
	lccn={94030749},
	series={Bradford book},
	url={https://books.google.hu/books?id=\_ib4vPdB76gC},
	year={1995},
	publisher={MIT Press}
}
@book{aggarwal2018neural,
	title={Neural Networks and Deep Learning: A Textbook},
	author={Aggarwal, C.C.},
	isbn={9783319944630},
	url={https://books.google.hu/books?id=achqDwAAQBAJ},
	year={2018},
	publisher={Springer International Publishing}
}
@book{g2015learning,
	title={Learning SciPy for Numerical and Scientific Computing - Second Edition},
	author={G, S.J.R. and Christensen, E.A. and Blanco-Silva, F.J.},
	isbn={9781783987719},
	series={Community experience distilled},
	url={https://books.google.hu/books?id=dS\_WBgAAQBAJ},
	year={2015},
	publisher={Packt Publishing}
}
@book{bressert2012scipy,
	title={SciPy and NumPy},
	author={Bressert, E.},
	isbn={9781449305468},
	lccn={2012538856},
	series={Oreilly and Associate Series},
	url={https://books.google.hu/books?id=-N9ZBsjW3IIC},
	year={2012},
	publisher={O'Reilly}
}
@book{chen2017pandas,
	title={Pandas for Everyone: Python Data Analysis},
	author={Chen, D.Y.},
	isbn={9780134547053},
	series={Addison-Wesley Data \& Analytics Series},
	url={https://books.google.hu/books?id=7zhDDwAAQBAJ},
	year={2017},
	publisher={Pearson Education}
}
@book{bengfort2018applied,
	title={Applied Text Analysis with Python: Enabling Language-Aware Data Products with Machine Learning},
	author={Bengfort, B. and Bilbro, R. and Ojeda, T.},
	isbn={9781491962992},
	url={https://books.google.hu/books?id=lK1fDwAAQBAJ},
	year={2018},
	publisher={O'Reilly Media}
}
@book{karayiannis2013artificial,
	title={Artificial Neural Networks: Learning Algorithms, Performance Evaluation, and Applications},
	author={Karayiannis, N. and Venetsanopoulos, A.N.},
	isbn={9781475745474},
	lccn={92034614},
	series={The Springer International Series in Engineering and Computer Science},
	url={https://books.google.hu/books?id=K4XdBwAAQBAJ},
	year={2013},
	publisher={Springer US}
}
@book{suykens1995artificial,
	title={Artificial Neural Networks for Modelling and Control of Non-Linear Systems},
	author={Suykens, J.A.K. and Vandewalle, J.P.L. and de Moor, B.L.},
	isbn={9780792396789},
	lccn={95048002},
	url={https://books.google.hu/books?id=cV7nkW9gMMgC},
	year={1995},
	publisher={Springer US}
}
@book{priddy2005artificial,
	title={Artificial Neural Networks: An Introduction},
	author={Priddy, K.L. and Keller, P.E.},
	isbn={9780819459879},
	lccn={2005021833},
	series={SPIE tutorial texts},
	url={https://books.google.hu/books?id=BrnHR7esWmkC},
	year={2005},
	publisher={Society of Photo Optical}
}
@book{anastassiou2011intelligent,
	title={Intelligent Systems: Approximation by Artificial Neural Networks},
	author={Anastassiou, G.A.},
	isbn={9783642214318},
	lccn={2011930524},
	series={Intelligent Systems Reference Library},
	url={https://books.google.hu/books?id=RW1Wy2jbJTAC},
	year={2011},
	publisher={Springer Berlin Heidelberg}
}
